
@misc{datademiaAprendeGgplot22018,
  title = {Aprende {{Ggplot2}} En {{R}}},
  author = {{Datademia}},
  year = {2018},
  month = apr,
  abstract = {Aprende a crear gr\'aficos con la gram\'atica de gr\'aficos de ggplot en R. Ap\'untate en Datademia:  https://cursos.datademia.es/p/p-comie...}
}

@misc{lopezpenarandaTutorialGgplot22019,
  title = {Tutorial de Ggplot2},
  author = {L{\'o}pez Pe{\~n}aranda, Andr{\'e}s},
  year = {2019},
  month = dec,
  journal = {RPubs},
  howpublished = {https://rpubs.com/anlope10/562981},
  file = {D\:\\Zotero Library\\storage\\6R4R46IN\\562981.html}
}


