@article{BalduzziMeta2019,
  title   = {How to perform a meta-analysis with {R}: a practical tutorial},
  author  = {Sara Balduzzi and Gerta RÃ¼cker and Guido Schwarzer},
  journal = {Evidence-Based Mental Health},
  year    = {2019},
  number  = {22},
  pages   = {153--160},
  doi     = {10.1136/ebmental-2019-300117}
}

@book{belsleyRegressionDiagnosticsIdentifying1980,
  title      = {Regression {{Diagnostics}}: {{Identifying Influential Data}} and {{Sources}} of {{Collinearity}}},
  shorttitle = {Regression {{Diagnostics}}},
  author     = {Belsley, David A. and Kuh, Edwin and Welsch, Roy E.},
  year       = {1980},
  month      = jun,
  series     = {Wiley {{Series}} in {{Probability}} and {{Statistics}}},
  publisher  = {{John Wiley \& Sons, Inc.}},
  address    = {{Hoboken, NJ, USA}},
  doi        = {10.1002/0471725153},
  isbn       = {978-0-471-72515-2 978-0-471-05856-4}
}

@incollection{borensteinIdentifyingQuantifyingHeterogeneity2009,
  title     = {Identifying and {{Quantifying Heterogeneity}}},
  booktitle = {Introduction to {{Meta}}-{{Analysis}}},
  author    = {Borenstein, Michael and Hedges, Larry V. and Higgns, Julian P. T. and Rothstein, Hannah R.},
  year      = {2009},
  pages     = {107--125},
  publisher = {Wiley},
  doi       = {10.1002/9780470743386.ch16},
  chapter   = {16},
  isbn      = {978-0-470-74338-6},
  language  = {en}
}

@manual{coburnWeightr2019,
  title  = {weightr: Estimating Weight-Function Models for Publication Bias},
  author = {Kathleen M. Coburn and Jack L. Vevea},
  year   = {2019},
  note   = {R package version 2.0.2},
  url    = {https://CRAN.R-project.org/package=weightr}
}

@article{coburnPublicationBiasFunction2015,
  title   = {Publication Bias as a Function of Study Characteristics.},
  author  = {Coburn, Kathleen M. and Vevea, Jack L.},
  year    = {2015},
  journal = {Psychological Methods},
  volume  = {20},
  number  = {3},
  pages   = {310--330},
  issn    = {1939-1463, 1082-989X},
  doi     = {10.1037/met0000046}
}

@article{cookDetectionInfluentialObservation1977,
  title     = {Detection of {{Influential Observation}} in {{Linear Regression}}},
  author    = {Cook, R. Dennis},
  year      = {1977},
  journal   = {Technometrics},
  volume    = {19},
  number    = {1},
  pages     = {15--18},
  publisher = {{[Taylor \& Francis, Ltd., American Statistical Association, American Society for Quality]}},
  issn      = {0040-1706},
  doi       = {10.2307/1268249}
}

@book{cookResidualsInfluenceRegression1982,
  title      = {Residuals and {{Influence}} in {{Regression}}},
  author     = {Cook, R. Dennis and Weisberg, Sanford},
  year       = {1982},
  publisher  = {{New York: Chapman and Hall}},
  abstract   = {Author affiliations: University of Minnesota, Twin Cities, School of Statistics.},
  langid     = {american},
  annotation = {Accepted: 2008-06-10T21:41:02Z},
  url        = {https://hdl.handle.net/11299/37076}
}

@article{copasMetaanalysisFunnelPlots2000,
  title = {Meta-Analysis, Funnel Plots and Sensitivity Analysis},
  author = {Copas, John and Shi, Jian Qing},
  year = {2000},
  month = sep,
  journal = {Biostatistics},
  volume = {1},
  number = {3},
  pages = {247--262},
  issn = {1465-4644},
  doi = {10.1093/biostatistics/1.3.247},
  abstract = {Publication bias is a major problem, perhaps the major problem, in meta-analysis (or systematic reviews). Small studies are more likely to be published if their results are `significant' than if their results are negative or inconclusive, and so the studies available for review are biased in favour of those with positive outcomes. Correcting for this bias is not possible without making untestable assumptions. In this paper, a sensitivity analysis is suggested which is based on fitting a model to the funnel plot. Some examples are discussed.*To whom correspondence should be addressed. jbc@stats.warwick.ac.uk},
  file = {D\:\\GDrive\\Zotero\\Biostatistics\\Copas,Shi_2000_Meta-analysis, funnel plots and sensitivity analysis.pdf;D\:\\Zotero Library\\storage\\4L3XIZIS\\260794.html}
}

@article{copasSensitivityAnalysisPublication2001,
  title = {A Sensitivity Analysis for Publication Bias in Systematic Reviews},
  author = {Copas, John and Shi, Jian Qing},
  year = {2001},
  month = aug,
  journal = {Statistical Methods in Medical Research},
  volume = {10},
  number = {4},
  pages = {251--265},
  publisher = {{SAGE Publications Ltd STM}},
  issn = {0962-2802},
  doi = {10.1177/096228020101000402},
  abstract = {There is no simple method of correcting for publication bias in systematic reviews. We suggest a sensitivity analysis in which different patterns of selection bias can be tested against the fit to the funnel plot. Publication bias leads to lower values, and greater uncertainty, in treatment effect estimates. Two examples are discussed. An appendix lists the S-plus code needed for carrying out the analysis.},
  langid = {english}
}

@misc{datademiaAprendeGgplot22018,
  title = {Aprende {{Ggplot2}} En {{R}} \textit{{[Video]}}},
  author = {{Datademia}},
  organization = {YouTube.},
  howpublished = {\url{https://youtu.be/BUzTAr_QqKs}},
  year = {2018},
  month = apr,
  day = 28
}

@article{duvalNonparametricTrimFill2000,
  title      = {A {{Nonparametric}} ``{{Trim}} and {{Fill}}'' {{Method}} of {{Accounting}} for {{Publication Bias}} in {{Meta-Analysis}}},
  author     = {Duval, Sue and Tweedie, Richard},
  year       = {2000},
  journal    = {Journal of the American Statistical Association},
  volume     = {95},
  number     = {449},
  pages      = {89--98},
  publisher  = {{Taylor \& Francis}},
  issn       = {0162-1459},
  doi        = {10.1080/01621459.2000.10473905}
}

@article{duvalTrimFillSimple2000,
  title      = {Trim and {{Fill}}: {{A Simple Funnel-Plot-Based Method}} of {{Testing}} and {{Adjusting}} for {{Publication Bias}} in {{Meta-Analysis}}},
  author     = {Duval, Sue and Tweedie, Richard},
  year       = {2000},
  journal    = {Biometrics},
  volume     = {56},
  number     = {2},
  pages      = {455--463},
  publisher  = {{[Wiley, International Biometric Society]}},
  issn       = {0006-341X},
  doi        = {10.1111/j.0006-341X.2000.00455.x}
}

@incollection{duvalTrimFillMethod2005,
  title      = {The {{Trim}} and {{Fill Method}}},
  booktitle  = {Publication {{Bias}} in {{Meta-Analysis}}},
  author     = {Duval, Sue},
  editor     = {Rothstein, Hannah R. and Sutton, Alexander J. and Borenstein, Michael},
  year       = {2005},
  pages      = {127--144},
  publisher  = {{John Wiley \& Sons}},
  doi        = {10.1002/0470870168.ch8},
  chapter    = {8},
  isbn       = {978-0-470-87016-7}
}

@article{eggerBiasMetaanalysisDetected1997,
  title     = {{Bias in Meta-Analysis Detected by a Simple, Graphical Test}},
  author    = {Egger, Matthias and Smith, George Davey and Schneider, Martin and Minder, Christoph},
  year      = {1997},
  month     = sep,
  journal   = {BMJ},
  volume    = {315},
  number    = {7109},
  pages     = {629--634},
  publisher = {{British Medical Journal Publishing Group}},
  issn      = {0959-8138, 1468-5833},
  doi       = {10.1136/bmj.315.7109.629},
  chapter   = {Paper},
  copyright = {\textcopyright{} 1997 BMJ Publishing Group Ltd.},
  language  = {en},
  pmid      = {9310563}
}

@article{fisherFrequencyDistributionValues1915,
  title     = {Frequency {{Distribution}} of the {{Values}} of the {{Correlation Coefficient}} in {{Samples}} from an {{Indefinitely Large Population}}},
  author    = {Fisher, R. A.},
  year      = {1915},
  journal   = {Biometrika},
  volume    = {10},
  number    = {4},
  pages     = {507--521},
  publisher = {{[Oxford University Press, Biometrika Trust]}},
  issn      = {0006-3444},
  doi       = {10.2307/2331838}
}

@book{harrer2021doing,
  title     = {{Doing Meta-Analysis With {R}: A Hands-On Guide}},
  author    = {Harrer, Mathias and Cuijpers, Pim and Furukawa Toshi A and Ebert, David D},
  year      = {2021},
  publisher = {Chapman & Hall/CRC Press},
  address   = {Boca Raton, FL and London},
  isbn      = {9780367610074},
  edition   = {1st},
  url       = {https://bookdown.org/MathiasHarrer/Doing_Meta_Analysis_in_R/}
}

@manual{Harrer2019dmetar,
  title  = {{dmetar: Companion R Package For The Guide 'Doing Meta-Analysis in R'}},
  author = {Mathias Harrer and Pim Cuijpers and Toshi Furukawa and David Daniel Ebert},
  year   = {2019},
  note   = {R package version 0.0.9000},
  url    = {http://dmetar.protectlab.org/}
}

@book{Henry2003,
  title     = {Applied {{Multiple Regression}}/{{Correlation Analysis}} for the {{Behavioral Sciences}}.},
  author    = {Henry, Neil W. and Cohen, Jacob and Cohen, Patricia},
  year      = {2003},
  edition   = {3rd},
  publisher = {{Lawrence Erlbaum Associates}},
  address   = {{Mahwah, N.J.}},
  isbn      = {0-8058-2223-2},
  doi       = {10.4324/9780203774441}
}

@incollection{johnBigFiveTrait1999,
  title     = {The {{Big Five Trait}} Taxonomy: {{History}}, Measurement, and Theoretical Perspectives},
  booktitle = {Handbook of Personality: {{Theory}} and Research, 2nd Ed},
  author    = {John, Oliver P. and Srivastava, Sanjay},
  editor    = {Pervin, Lawrence A. and John, Oliver P.},
  year      = {1999},
  pages     = {102--138},
  publisher = {{Guilford Press}},
  address   = {{New York, NY, US}},
  isbn      = {978-1-57230-483-3},
  url       = {http://jenni.uchicago.edu/econ-psych-traits/John_Srivastava_1995_big5.pdf}
}

@manual{KossmeierMetaviz,
  title  = {{metaviz: Forest Plots, Funnel Plots, and Visual Funnel Plot Inference for Meta-Analysis}},
  author = {Michael Kossmeier and Ulrich S. Tran and Martin Voracek},
  year   = {2020},
  note   = {R package version 0.3.1},
  url    = {https://CRAN.R-project.org/package=metaviz}
}

@book{lakensImprovingYourStatistical2022,
  title  = {Improving {{Your Statistical Inferences}}},
  author = {Lakens, Dani{\"e}l},
  year   = {2022},
  url    = {https://lakens.github.io/statistical_inferences/}
}

@misc{leongomezMetaanalysis2021,
  author       = {Leong{\'o}mez, Juan David},
  title        = {Hacer meta-anÃ¡lisis en jamovi es muy fÃ¡cil \textit{{[Video]}}},
  organization = {YouTube.},
  howpublished = {\url{https://youtu.be/ntBbkOn9D_o}},
  year         = {2021},
  month        = may,
  day          = 9
}

@misc{leongomezPoderRvid2020,
  author       = {Leong{\'o}mez, Juan David},
  title        = {Poder estadÃ­stico y tamaÃ±o de muestra en {R} \textit{{[Serie de videos]}}},
  organization = {YouTube.},
  howpublished = {\url{https://youtube.com/playlist?list=PLHk7UNt35ccVdyHqnQ6oXVYA6JBNFrE1x}},
  year         = {2020},
  month        = sep,
  day          = 18
}

@misc{leongomezAnalisisPoderEstadistico2020,
  ids          = {juandavidleongomezAnalisisPoderEstadistico2020},
  title        = {An\'alisis de Poder Estad\'istico y C\'alculo de Tama\~no de Muestra En {{R}}: {{Gu\'ia}} Pr\'actica},
  author       = {Leong{\'o}mez, Juan David},
  year         = {2020},
  month        = aug,
  organization = {{Zenodo}},
  doi          = {10.5281/zenodo.3988776}
}

@misc{leongomezMetacCorr2022,
  title        = {{Meta-an\'alisis de correlaciones en R}},
  author       = {Leong{\'o}mez, Juan David},
  year         = {2022},
  month        = feb,
  organization = {{Zenodo}},
  doi          = {10.5281/zenodo.5640182}
}

@misc{lopezpenarandaTutorialGgplot22019,
  title = {Tutorial de ggplot2},
  author = {L{\'o}pez Pe{\~n}aranda, Andr{\'e}s},
  organization = {RPubs.},
  howpublished = {\url{https://rpubs.com/anlope10/562981}},
  year = {2019},
  month = dec,
  day = 29  
}

@Manual{magrittrcite,
    title = {{magrittr}: A Forward-Pipe Operator for {R}},
    author = {Stefan Milton Bache and Hadley Wickham},
    year = {2022},
    note = {R package version 2.0.3},
    url = {https://CRAN.R-project.org/package=magrittr},
  }

@article{Manterola2019,
  title = {MetodologÃ­a de los tipos y diseÃ±os de estudio mÃ¡s frecuentemente utilizados en investigaciÃ³n clÃ­nica},
  journal = {Revista MÃ©dica ClÃ­nica Las Condes},
  volume = {30},
  number = {1},
  pages = {36-49},
  year = {2019},
  doi = {https://doi.org/10.1016/j.rmclc.2018.11.005},
  author = {Carlos Manterola and Guissella Quiroz and Paulina Salazar and Nayeli GarcÃ­a}
}

@article{molloy2013,
  title   = {Conscientiousness and Medication Adherence: A Meta-analysis},
  author  = {{Molloy}, {G. J.} and {O{\textquoteright}Carroll}, {R. E.} and {Ferguson}, {E.}},
  year    = {2013},
  month   = {06},
  date    = {2013-06-20},
  journal = {Annals of Behavioral Medicine},
  pages   = {92--101},
  volume  = {47},
  number  = {1},
  doi     = {10.1007/s12160-013-9524-4}
}

@article{olkinGOSHGraphicalDisplay2012,
  title = {{{GOSH}} \textendash{} a Graphical Display of Study Heterogeneity},
  author = {Olkin, Ingram and Dahabreh, Issa J. and Trikalinos, Thomas A.},
  year = {2012},
  journal = {Research Synthesis Methods},
  volume = {3},
  number = {3},
  pages = {214--223},
  issn = {1759-2887},
  doi = {10.1002/jrsm.1053}
}

@article{quintanaGuideMetaPower,
  title = {A Guide for Calculating Study-Level Statistical Power for Meta-Analyses},
  author = {Daniel S. Quintana},
  year = {in press},
  journal = {{Advances in Methods and Practices in Psychological Science}},
  doi = {10.31219/osf.io/js79t}
}

@misc{quintanaHowPerformMetaanalysis2021,
  author       = {Daniel S. Quintana},
  title        = {{How to Perform a Meta-Analysis in R} \textit{{[Video]}}},
  organization = {YouTube.},
  howpublished = {\url{https://youtu.be/lH4VZMTEZSc}},
  year         = {2021},
  month        = may,
  day          = 23
}

@manual{quintanaMetameta2022,
  title  = {metameta: A Suite of Tools to Re-evaluate Published Meta-analyses},
  author = {Daniel S. Quintana},
  year   = {2022},
  note   = {R package version 0.1.1},
  url    = {https://github.com/dsquintana/metameta}
}

@manual{revellePsych2021,
  title        = {psych: Procedures for Psychological, Psychometric, and Personality Research},
  author       = {William Revelle},
  organization = {Northwestern University},
  address      = {Evanston, Illinois},
  year         = {2021},
  note         = {R package version 2.1.9},
  url          = {https://CRAN.R-project.org/package=psych}
}

@article{sanchez-brunoTransformacionFisherPara2005,
  title   = {{Transformaci\'on Z de Fisher para la determinaci\'on de intervalos de confianza del coeficiente de correlaci\'on de Pearson}},
  author  = {{S{\'a}nchez-Bruno}, Alfonso and {Borges del Rosal}, {\'A}frica},
  year    = {2005},
  journal = {Psicothema},
  volume  = {17},
  number  = {1},
  pages   = {148--153},
  issn    = {0214-9915, 1886-144X},
  url     = {https://www.redalyc.org/articulo.oa?id=72717124}
}

@article{schwarzerEmpiricalEvaluationSuggests2010,
  title = {Empirical Evaluation Suggests {{Copas}} Selection Model Preferable to Trim-and-Fill Method for Selection Bias in Meta-Analysis},
  author = {Schwarzer, Guido and Carpenter, James and R{\"u}cker, Gerta},
  year = {2010},
  month = mar,
  journal = {Journal of Clinical Epidemiology},
  volume = {63},
  number = {3},
  pages = {282--288},
  issn = {0895-4356},
  doi = {10.1016/j.jclinepi.2009.05.008},
  keywords = {Copas selection model,Empirical evaluation,Funnel plot asymmetry,Meta-analysis,Publication bias,Trim-and-fill method}
}

@Manual{schwarzerMetasensPackage,
    title = {metasens: Statistical Methods for Sensitivity Analysis in Meta-Analysis},
    author = {Schwarzer, Guido and Carpenter, James R. and R{\"u}cker, Gerta},
    year = {2023},
    note = {R package version 1.5-2},
    url = {https://CRAN.R-project.org/package=metasens},
  }

@book{schwarzerMetaAnalysis2015,
  title     = {Meta-{{Analysis}} with {{R}}},
  author    = {Schwarzer, Guido and Carpenter, James R. and R{\"u}cker, Gerta},
  year      = {2015},
  series    = {Use {{R}}!},
  publisher = {{Springer International Publishing}},
  address   = {{Cham}},
  doi       = {10.1007/978-3-319-21416-0},
  isbn      = {978-3-319-21415-3 978-3-319-21416-0}
}

@incollection{schwarzerSmallStudyEffectsMetaAnalysis2015,
  title     = {Small-{{Study Effects}} in {{Meta}}-{{Analysis}}},
  booktitle = {Meta-{{Analysis}} with {{R}}},
  author    = {Schwarzer, Guido and Carpenter, James R. and R{\"u}cker, Gerta},
  year      = {2015},
  series    = {Use {{R}}!},
  pages     = {107--141},
  doi       = {10.1007/978-3-319-21416-0_5}
}

@article{sedgwickMetaanalysesWhatHeterogeneity2015,
  title      = {Meta-Analyses: What Is Heterogeneity?},
  shorttitle = {Meta-Analyses},
  author     = {Sedgwick, Philip},
  year       = {2015},
  month      = mar,
  journal    = {BMJ},
  volume     = {350},
  pages      = {h1435},
  publisher  = {{British Medical Journal Publishing Group}},
  issn       = {1756-1833},
  doi        = {10.1136/bmj.h1435},
  chapter    = {Endgames}
}

@article{SesgoPublicacion2008,
  author    = {Carlos GÃ³mez-Restrepo},
  title     = {{Acerca del sesgo de publicaci\'on en literatura sobre antidepresivos}},
  year      = {2008},
  month     = mar,
  journal   = {Revista Colombiana de Psiquiatr\'ia},
  volume    = {37},
  number    = {1},
  pages     = {8--10},
  publisher = {{Asociacion Colombiana de Psiquiatria}},
  issn      = {0034-7450},
  url       = {http://www.scielo.org.co/scielo.php?script=sci_arttext&pid=S0034-74502008000100001}
}

@article{shiTrimandfill2019,
  title = {The Trim-and-Fill Method for Publication Bias: Practical Guidelines and Recommendations Based on a Large Database of Meta-Analyses},
  shorttitle = {The Trim-and-Fill Method for Publication Bias},
  author = {Shi, Linyu and Lin, Lifeng},
  year = {2019},
  month = jun,
  journal = {Medicine},
  volume = {98},
  number = {23},
  pages = {e15987},
  doi = {10.1097/MD.0000000000015987}
}

@article{simonsohnPCurveEffectSize2014,
  title       = {P-{{Curve}} and {{Effect Size}}: {{Correcting}} for {{Publication Bias Using Only Significant Results}}},
  shorttitle  = {P-{{Curve}} and {{Effect Size}}},
  author      = {Simonsohn, Uri and Nelson, Leif D. and Simmons, Joseph P.},
  year        = {2014},
  month       = nov,
  journal     = {Perspectives on Psychological Science},
  volume      = {9},
  number      = {6},
  pages       = {666--681},
  publisher   = {{SAGE Publications Inc}},
  issn        = {1745-6916},
  doi         = {10.1177/1745691614553988},
  keywords    = {p-curve,p-hacking,publication bias}
}

@article{simonsohnPcurveWonYour2019,
  title = {P-Curve Won't Do Your Laundry, but It Will Distinguish Replicable from Non-Replicable Findings in Observational Research: {{Comment}} on {{Bruns}} \& {{Ioannidis}} (2016)},
  shorttitle = {P-Curve Won't Do Your Laundry, but It Will Distinguish Replicable from Non-Replicable Findings in Observational Research},
  author = {Simonsohn, Uri and Nelson, Leif D. and Simmons, Joseph P.},
  editor = {Puebla, Iratxe},
  year = {2019},
  month = mar,
  journal = {PLOS ONE},
  volume = {14},
  number = {3},
  pages = {e0213454},
  issn = {1932-6203},
  doi = {10.1371/journal.pone.0213454}
}

@article{sternePublicationRelatedBias2000,
  title   = {Publication and Related Bias in Meta-Analysis},
  author  = {Sterne, Jonathan A.C and Gavaghan, David and Egger, Matthias},
  year    = {2000},
  month   = nov,
  journal = {Journal of Clinical Epidemiology},
  volume  = {53},
  number  = {11},
  pages   = {1119--1129},
  issn    = {08954356},
  doi     = {10.1016/S0895-4356(00)00242-0}
}

@article{sterneRecommendationsExaminingInterpreting2011,
  title = {Recommendations for Examining and Interpreting Funnel Plot Asymmetry in Meta-Analyses of Randomised Controlled Trials},
  author = {Sterne, Jonathan A.C and Sutton, A. J. and Ioannidis, J. P. A. and Terrin, N. and Jones, D. R. and Lau, J. and Carpenter, J. and Rucker, G. and Harbord, R. M. and Schmid, C. H. and Tetzlaff, J. and Deeks, J. J. and Peters, J. and Macaskill, P. and Schwarzer, G. and Duval, S. and Altman, D. G. and Moher, D. and Higgins, J. P. T.},
  year = {2011},
  journal = {BMJ},
  volume = {343},
  number = {1},
  pages = {d4002},
  doi = {10.1136/bmj.d4002}
}

@article{veveaGeneralLinearModel1995,
  title   = {A General Linear Model for Estimating Effect Size in the Presence of Publication Bias},
  author  = {Vevea, Jack L. and Hedges, Larry V.},
  year    = {1995},
  month   = sep,
  journal = {Psychometrika},
  volume  = {60},
  number  = {3},
  pages   = {419--435},
  issn    = {1860-0980},
  doi     = {10.1007/BF02294384}
}

@article{veveaPublicationBiasResearch2005,
  title      = {Publication Bias in Research Synthesis: Sensitivity Analysis Using a Priori Weight Functions},
  shorttitle = {Publication Bias in Research Synthesis},
  author     = {Vevea, Jack L. and Woods, Carol M.},
  year       = {2005},
  month      = dec,
  journal    = {Psychological Methods},
  volume     = {10},
  number     = {4},
  pages      = {428--443},
  issn       = {1082-989X},
  doi        = {10.1037/1082-989X.10.4.428},
  pmid       = {16392998}
}

@article{viechtbauer2010,
  title   = {Conducting Meta-Analyses in {{R}} with the metafor Package},
  author  = {{Viechtbauer}, {Wolfgang}},
  year    = {2010},
  date    = {2010},
  journal = {Journal of Statistical Software},
  volume  = {36},
  number  = {3},
  doi     = {10.18637/jss.v036.i03}
}

@manual{WickhamDplyr2021,
  title  = {dplyr: A Grammar of Data Manipulation},
  author = {Hadley Wickham and Romain FranÃ§ois and Lionel Henry and Kirill MÃ¼ller},
  year   = {2021},
  note   = {R package version 1.0.7},
  url    = {https://CRAN.R-project.org/package=dplyr}
}

@Manual{Wickhamforcats2022,
    title = {forcats: Tools for Working with Categorical Variables (Factors)},
    author = {Hadley Wickham},
    year = {2022},
    note = {R package version 0.5.2},
    url = {https://CRAN.R-project.org/package=forcats},
  }

